@manual{HS:TCPIPStack,
author = {Department High Speed Hardware Architectures},
title = {FhG\_HHI\_HS\_10G\_TCP\_IP.pdf},
edition = {third},
note = {Stand alone network protocol IP core allowing communication at full line rate and ultra low latency},
month = {March},
year = {2011},
address = {Einsteinufer 37, 10587 Berlin},
organization = {Fraunhofer Institut f\"ur Nachrichtentechnik, Heinrich Hertz Institut},
}